@online{Lipsum,
	author	= "James Wilson",
	title		= "Lorem Ipsum",
	subtitle	= "Lorem Ipsum - {All the facts - Lipsum generator}",
	url 		= "\url{http://lipsum.com}",
	year		= "2017",
	keywords	= "lipsum, Lorem, Ipsum",
	note		= "[Online; accessed 6-December-2017]"
}
@online{meerkat,
	title		= "Captin Meerkat",
	label		= "meerkat",
	url 		= "\url{http://www.primrose.co.uk/product_thumb.php?img=images/df1101millitarymain.jpg&w=406&h=900}",
	year		= "2017",
	keywords	= "meerkat, captain",
	note		= "[Online; accessed 6-December-2017]"

}
@online{bacon,
	title		= "Bacon Ipsum",
	subtitle	= "Bacon Ipsum - {A Meatier Lorem Ipsum Generator}",
	url 		= "\url{http://occ144datkn3vrjlq7r63p19.wpengine.netdna-cdn.com/wp-content/uploads/2011/06/bacon_ipsum.png}",
	year		= "2017",
	keywords	= "bacon, ipsum",
	note		= "[Online; accessed 6-December-2017]"
}
@book{stallings,
	author	= {William Stallings and Lawrie Brown},
	title		= {Computer Security Principles and Practice},
	publisher	= {Pearson Education},
	year		= 2014,
	month		= 7,
	address	= {One Lake Street, Upper Saddle River, New Jersy 07458},
	edition	= 3,
	isbn		= {978-0-13-377392-7}
}
@book{Pausch,
	author	= {Randy Pausch and Jeffery Zaslow},
	title		= {The Last Lecture},
	publisher	= {Hyperion Press},
	year		= 2014,
	month		= 5,
	pages		= {38-39},
	address	= {200 W. 86th st. New York, NY 10024},
	isbn		= {978-0-316-33561-4}
}
@online{Idaho182202,
	author 	= {Idaho},
	title 		= {Section 18-2202 - Idaho State Legislature},
	year		= 1994,
	url 		= {https://legislature.idaho.gov/statutesrules/idstat/Title18/T18CH22/SECT18-2202/},
	urldate	= {2018-09-07}

}
@online{Utah766703,
	author	= {Utah},
	title		= {Interfering with cirtical infrastructure},
	year		= 2017,
	url 		= {https://le.utah.gov/xcode/Title76/Chapter6/76-6-S703.html?v=C76-6-S703_2017050920170509},
	urldate	= {2018-09-07}
}
@online{CANSPAM,
	author	= {U.S.},
	title		= {Electronic Code of Federal Regulations},
	year		= 2008,
	url 		= {https://www.ecfr.gov/cgi-bin/retrieveECFR?gp=1&SID=cea8be427690a26231dda41b8ccb5f75&ty=HTML&h=L&n=16y1.0.1.3.40&r=PART},
	urldate	= {2018-09-07}
}
@online{DMCA,
	author	= {U.S. Copyright Office Summary},
	title		= {The Digital Millennium Copyright Act of 1998},
	year		= 1998,
	url 		= {https://www.copyright.gov/legislation/dmca.pdf},
	urldate	= {2018-09-07}
}
@online{CFAA,
	author	= {U.S},
	title		= {Legal Information Institute},
	year		= 2002,
	url 		= {https://www.law.cornell.edu/uscode/text/18/1030},
	urldate	= {2018-09-07}
}
@online{GDPR,
	author	= {},
	title		= {},
	year		= 2,
	url 		= {},
	urldate	= {2018-09-07}
}