@online{Lipsum,
    author    = "James Wilson",
    title     = "Lorem Ipsum",
	subtitle  = "Lorem Ipsum - {All the facts - Lipsum generator}",
    url       = "\url{http://lipsum.com}",
	year	  = "2017",
    keywords  = "lipsum, Lorem, Ipsum",
	note	  = "[Online; accessed 6-December-2017]"
}
@online{meerkat,
	label	  = "meerkat",
	url		  = "\url{http://www.primrose.co.uk/product_thumb.php?img=images/df1101millitarymain.jpg&w=406&h=900}",
	year	  = "2017",
	keywords  = "meerkat, captain",
	note	  = "[Online; accessed 6-December-2017]"

}
@online{bacon,
	title	  = "Bacon Ipsum",
	subtitle  = "Bacon Ipsum - {A Meatier Lorem Ipsum Generator}",
	url		  = "\url{http://occ144datkn3vrjlq7r63p19.wpengine.netdna-cdn.com/wp-content/uploads/2011/06/bacon_ipsum.png}",
	year	  = "2017",
	keywords  = "bacon, ipsum",
	note	  = "[Online; accessed 6-December-2017]"
}
